<record><leader>00000cas a2200000 a 4500</leader><controlfield tag="001">9496245</controlfield><controlfield tag="007">hd afv---baca</controlfield><controlfield tag="008">830510d18191819mauwr nea     0    0eng c</controlfield><datafield ind1=" " ind2=" " tag="010"><subfield code="a">sf 89090888 </subfield></datafield><datafield ind1=" " ind2=" " tag="040"><subfield code="a">SUC</subfield><subfield code="b">eng</subfield><subfield code="c">SUC</subfield><subfield code="d">PES</subfield><subfield code="d">DLC</subfield><subfield code="d">FUG</subfield><subfield code="d">OCL</subfield><subfield code="d">DLC</subfield><subfield code="d">OCLCQ</subfield><subfield code="d">DLC</subfield><subfield code="d">OCLCQ</subfield><subfield code="d">OCLCF</subfield><subfield code="d">OCLCO</subfield><subfield code="d">OCLCQ</subfield></datafield><datafield ind1=" " ind2=" " tag="042"><subfield code="a">pcc</subfield></datafield><datafield ind1=" " ind2=" " tag="043"><subfield code="a">n-us-ma</subfield></datafield><datafield ind1="0" ind2="0" tag="050"><subfield code="a">Microfilm 01104 no. 246 AP</subfield></datafield><datafield ind1="0" ind2="4" tag="082"><subfield code="a">051</subfield><subfield code="b">A51p2</subfield></datafield><datafield ind1="0" ind2=" " tag="130"><subfield code="a">Christian watchman (Boston, Mass. : 1819)</subfield></datafield><datafield ind1="1" ind2="0" tag="245"><subfield code="a">Christian watchman.</subfield></datafield><datafield ind1=" " ind2=" " tag="260"><subfield code="a">Boston, Mass. :</subfield><subfield code="b">[True &amp; Weston],</subfield><subfield code="c">1819.</subfield></datafield><datafield ind1=" " ind2=" " tag="300"><subfield code="a">1 volume.</subfield></datafield><datafield ind1=" " ind2=" " tag="310"><subfield code="a">Weekly</subfield></datafield><datafield ind1=" " ind2=" " tag="336"><subfield code="a">text</subfield><subfield code="b">txt</subfield><subfield code="2">rdacontent</subfield></datafield><datafield ind1=" " ind2=" " tag="337"><subfield code="a">microform</subfield><subfield code="b">h</subfield><subfield code="2">rdamedia</subfield></datafield><datafield ind1=" " ind2=" " tag="338"><subfield code="a">microfilm reel</subfield><subfield code="b">hd</subfield><subfield code="2">rdacarrier</subfield></datafield><datafield ind1="0" ind2=" " tag="362"><subfield code="a">Vol. 1, no. 1 (May 29, 1819)-v. 1, no. 26 (Nov. 20, 1819).</subfield></datafield><datafield ind1="1" ind2=" " tag="490"><subfield code="a">American Periodical Series ;</subfield><subfield code="v">246</subfield></datafield><datafield ind1=" " ind2=" " tag="500"><subfield code="a">This weekly resembled a newspaper and its object was to present important religious news of every kind, as well as some non-religious material. Religious news included reports of Bible, missionary, and tract societies, both in the U.S. and abroad; accounts of revivals; and news on missions, on various churches, and on ordinations. Non-religious material included general news, poetry, book reviews, biography, and articles on history, education, and agriculture. Cf. American periodicals, 1741-1900.</subfield></datafield><datafield ind1=" " ind2=" " tag="500"><subfield code="a">Title from caption.</subfield></datafield><datafield ind1=" " ind2=" " tag="533"><subfield code="a">Microfilm.</subfield><subfield code="b">Ann Arbor, Mich. :</subfield><subfield code="c">University Microfilms,</subfield><subfield code="d">1952.</subfield><subfield code="e">1 microfilm reel ; 35 mm.</subfield><subfield code="f">(American periodical series, 1800-1850 ; 246).</subfield></datafield><datafield ind1=" " ind2="0" tag="650"><subfield code="a">Baptists</subfield><subfield code="v">Newspapers.</subfield></datafield><datafield ind1=" " ind2="0" tag="651"><subfield code="a">Boston (Mass.)</subfield><subfield code="v">Newspapers.</subfield></datafield><datafield ind1=" " ind2="0" tag="651"><subfield code="a">Suffolk County (Mass.)</subfield><subfield code="v">Newspapers.</subfield></datafield><datafield ind1=" " ind2="7" tag="650"><subfield code="a">Baptists.</subfield><subfield code="2">fast</subfield><subfield code="0">(OCoLC)fst00827285</subfield></datafield><datafield ind1=" " ind2="7" tag="651"><subfield code="a">Massachusetts</subfield><subfield code="z">Boston.</subfield><subfield code="2">fast</subfield><subfield code="0">(OCoLC)fst01205012</subfield></datafield><datafield ind1=" " ind2="7" tag="651"><subfield code="a">Massachusetts</subfield><subfield code="z">Suffolk County.</subfield><subfield code="2">fast</subfield><subfield code="0">(OCoLC)fst01206189</subfield></datafield><datafield ind1=" " ind2="7" tag="655"><subfield code="a">Newspapers.</subfield><subfield code="2">fast</subfield><subfield code="0">(OCoLC)fst01423814</subfield></datafield><datafield ind1=" " ind2=" " tag="752"><subfield code="a">United States</subfield><subfield code="b">Massachusetts</subfield><subfield code="c">Suffolk</subfield><subfield code="d">Boston.</subfield></datafield><datafield ind1="1" ind2=" " tag="776"><subfield code="c">Original</subfield><subfield code="x">2157-9253</subfield><subfield code="w">(DLC)sn 86077245</subfield><subfield code="w">(OCoLC)6949720</subfield></datafield><datafield ind1="0" ind2="0" tag="785"><subfield code="t">Christian watchman &amp; Baptist register</subfield><subfield code="w">(DLC)sf 89090889</subfield><subfield code="w">(OCoLC)9496319</subfield></datafield><datafield ind1=" " ind2="0" tag="830"><subfield code="a">American periodical series ;</subfield><subfield code="v">246.</subfield></datafield><datafield ind1="1" ind2=" " tag="029"><subfield code="a">AU@</subfield><subfield code="b">000020128696</subfield></datafield></record>